@technicalreport{ISO78121,
    year = {2017},
    title = {{ISO}/{IEC} 7812-1:2017 {I}dentification cards -- {I}dentification of issuers -- {P}art 1: {N}umbering system},
    note = {\url{https://www.iso.org/obp/ui/#iso:std:iso-iec:7812:-1:ed-5:v1:en}},
    institution = {International Organization for Standardization}
}

@InProceedings{attacksFPEsmallDomains,
author="Hoang, Viet Tung
and Tessaro, Stefano
and Trieu, Ni",
editor="Shacham, Hovav
and Boldyreva, Alexandra",
title="The Curse of Small Domains: New Attacks on Format-Preserving Encryption",
booktitle="Advances in Cryptology -- CRYPTO 2018",
year="2018",
publisher="Springer International Publishing",
address="Cham",
pages="221--251",
abstract="Format-preserving encryption (FPE) produces ciphertexts which have the same format as the plaintexts. Building secure FPE is very challenging, and recent attacks (Bellare, Hoang, Tessaro, CCS '16; Durak and Vaudenay, CRYPTO '17) have highlighted security deficiencies in the recent NIST SP800-38G standard. This has left the question open of whether practical schemes with high security exist.",
isbn="978-3-319-96884-1"
}

@InProceedings{FPEattacks,
author="Durak, F. Bet{\"u}l
and Vaudenay, Serge",
editor="Katz, Jonathan
and Shacham, Hovav",
title="Breaking the FF3 Format-Preserving Encryption Standard over Small Domains",
booktitle="Advances in Cryptology -- CRYPTO 2017",
year="2017",
publisher="Springer International Publishing",
address="Cham",
pages="679--707",
isbn="978-3-319-63715-0"
}

@online{NistFPErecommandations,
    author = "NIST",
    title = "Methods for Format-Preserving Encryption: NIST Requests Public Comments on Draft Special Publication 800-38G Revision 1",
    url  = "https://www.nist.gov/news-events/news/2019/02/methods-format-preserving-encryption-nist-requests-public-comments-draft",
    addendum = "(accessed: 29.10.2020)",
}



@inproceedings{Fan2014,
author = {Fan, Bin and Andersen, Dave G. and Kaminsky, Michael and Mitzenmacher, Michael D.},
title = {Cuckoo Filter: Practically Better Than Bloom},
year = {2014},
publisher = {Association for Computing Machinery},
booktitle = {Proceedings of the 10th ACM International on Conference on Emerging Networking Experiments and Technologies},
pages = {75–88},
}

@ARTICLE{Bloom1970,
    author = {Burton H. Bloom},
    title = {Space/Time Trade-offs in Hash Coding with Allowable Errors},
    journal = {Communications of the ACM},
    year = {1970},
    volume = {13},
    pages = {422--426}
}

@InProceedings{Bonomi2006,
author="Bonomi, Flavio
and Mitzenmacher, Michael
and Panigrahy, Rina
and Singh, Sushil
and Varghese, George",
editor="Azar, Yossi
and Erlebach, Thomas",
title="An Improved Construction for Counting Bloom Filters",
booktitle="Algorithms -- ESA 2006",
year="2006",
publisher="Springer Berlin Heidelberg",
pages="684--695"
}

@ARTICLE{Tarkoma2012, 
author={S. {Tarkoma} and C. E. {Rothenberg} and E. {Lagerspetz}},
journal={IEEE Communications Surveys   Tutorials},
title={Theory and Practice of Bloom Filters for Distributed Systems},
year={2012},
volume={14},
number={1},
pages={131-155}}

@article{Almeida2007,
title = "Scalable Bloom Filters",
journal = "Information Processing Letters",
volume = "101",
number = "6",
pages = "255 - 261",
year = "2007",
author = "Paulo Sérgio Almeida and Carlos Baquero and Nuno Preguiça and David Hutchison",
}

@InProceedings{Bellare2009,
author="Bellare, Mihir
and Ristenpart, Thomas
and Rogaway, Phillip
and Stegers, Till",
editor="Jacobson, Michael J.
and Rijmen, Vincent
and Safavi-Naini, Reihaneh",
title="Format-Preserving Encryption",
booktitle="Selected Areas in Cryptography",
year="2009",
publisher="Springer Berlin Heidelberg",
pages="295--312",
}

@article{Ricci2019,
author = {Ricci, Saulo and Ferreira, Eduardo and Menasche, Daniel Sadoc and Ziviani, Artur and Souza, Jose Eduardo and Vieira, Alex Borges},
title = {Learning Blockchain Delays: A Queueing Theory Approach},
year = {2019},
issue_date = {December 2018},
volume = {46},
number = {3},
journal = {SIGMETRICS Perform. Eval. Rev.},
pages = {122–125}
}

@inproceedings{Zheng2018,
author = {Zheng, Peilin and Zheng, Zibin and Luo, Xiapu and Chen, Xiangping and Liu, Xuanzhe},
title = {A Detailed and Real-Time Performance Monitoring Framework for Blockchain Systems},
year = {2018},
booktitle = {Proceedings of the 40th International Conference on Software Engineering: Software Engineering in Practice},
pages = {134–143},
}

@misc{Voltage,
author = {Voltage Security},
title = {\textit{Voltage  secure  stateless  tokenization}},
year = {2012},
note={\url{https://www.voltage.com/wp-content/uploads/Voltage_White_Paper_SecureData_SST_Data_Protection_and_PCI_Scope_Reduction_for_Todays_Businesses.pdf}}
}

@misc{Luhn1960,
author = {Hans Peter Luhn},
title = {\textit{Computer For Verifying Numbers}. {US2950048A}},
year = {1960}}